@article{10.5555/1953048.2021068,
author = {Duchi, John and Hazan, Elad and Singer, Yoram},
title = {Adaptive Subgradient Methods for Online Learning and Stochastic Optimization},
year = {2011},
issue_date = {2/1/2011},
publisher = {JMLR.org},
volume = {12},
number = {null},
issn = {1532-4435},
journal = {J. Mach. Learn. Res.},
month = jul,
pages = {2121–2159},
numpages = {39}
}
@article{AdaGrad,
author = {Duchi, John and Hazan, Elad and Singer, Yoram},
title = {Adaptive Subgradient Methods for Online Learning and Stochastic Optimization},
year = {2011},
issue_date = {2/1/2011},
publisher = {JMLR.org},
volume = {12},
number = {null},
issn = {1532-4435},
journal = {J. Mach. Learn. Res.},
month = jul,
pages = {2121–2159},
numpages = {39}
}

@article{kiefer1952,
author = "Kiefer, J. and Wolfowitz, J.",
doi = "10.1214/aoms/1177729392",
fjournal = "Annals of Mathematical Statistics",
journal = "Ann. Math. Statist.",
month = "09",
number = "3",
pages = "462--466",
publisher = "The Institute of Mathematical Statistics",
title = "Stochastic Estimation of the Maximum of a Regression Function",
url = "https://doi.org/10.1214/aoms/1177729392",
volume = "23",
year = "1952"
}

@misc{kingma2014adam,
    title={Adam: A Method for Stochastic Optimization},
    author={Diederik P. Kingma and Jimmy Ba},
    year={2014},
    eprint={1412.6980},
    archivePrefix={arXiv},
    primaryClass={cs.LG}
}

@misc{lilipads,
  author       = {LiLi Jang},
  title        = {Gradient Descent Viz},
  howpublished = {\url {https://github.com/lilipads/gradient_descent_viz}},
  year         = {Online, accessed 11 June 2020}
}

@misc{mcmahan2010adaptive,
    title={Adaptive Bound Optimization for Online Convex Optimization},
    author={H. Brendan McMahan and Matthew Streeter},
    year={2010},
    eprint={1002.4908},
    archivePrefix={arXiv},
    primaryClass={cs.LG}
}

@MISC{Qian99onthe,
    author = {Ning Qian},
    title = {On the Momentum Term in Gradient Descent Learning Algorithms},
    year = {1999}
}

@misc{RMSProp,
  author       = {Geoff Hinton},
  title        = {Neural Networks for Machine Learning Lecture 6},
  howpublished = {\url{http://www.cs.toronto.edu/~tijmen/csc321/slides/lecture_slides_lec6.pdf}},
  year         = {2012}
}

@INPROCEEDINGS{SGDLocalMinimum,  author={A. {Bouillard} and P. {Jacquet}},  booktitle={ICASSP 2019 - 2019 IEEE International Conference on Acoustics, Speech and Signal Processing (ICASSP)},   title={Quasi Black Hole Effect of Gradient Descent in Large Dimension: Consequence on Neural Network Learning},   year={2019},  volume={},  number={},  pages={8365-8369},}

@INPROCEEDINGS{SGDSlow,  author={E. M. {Dogo} and O. J. {Afolabi} and N. I. {Nwulu} and B. {Twala} and C. O. {Aigbavboa}},  booktitle={2018 International Conference on Computational Techniques, Electronics and Mechanical Systems (CTEMS)},   title={A Comparative Analysis of Gradient Descent-Based Optimization Algorithms on Convolutional Neural Networks},   year={2018},  volume={},  number={},  pages={92-99},}

@INPROCEEDINGS{taubmann2016cloudphylactor,
    author={Benjamin Taubmann and Noëlle Rakotondravony and Hans P. Reiser},
    booktitle={2016 IEEE Trustcom/BigDataSE/ISPA},
    title={{CloudPhylactor:} Harnessing Mandatory Access Control for Virtual Machine Introspection in Cloud Data Centers},
    year={2016},
    pages={957-964},
    keywords={Access control;Cloud computing;Computer architecture;Monitoring;Virtual machine monitors;Virtual machining;Cloud Forensics;Mandatory Access Control;Virtual Machine Introspection;Xen},
    doi={10.1109/TrustCom.2016.0162},
    month={Aug},
}

@misc{wilson2017marginal,
    title={The Marginal Value of Adaptive Gradient Methods in Machine Learning},
    author={Ashia C. Wilson and Rebecca Roelofs and Mitchell Stern and Nathan Srebro and Benjamin Recht},
    year={2017},
    eprint={1705.08292},
    archivePrefix={arXiv},
    primaryClass={stat.ML}
}
  
